@article{lopesfilho2019,
    author  = {Lopes Filho, J. A.},
    title   = {O Problema do Caixeiro Viajante com Coleta de Bônus e Passageiros},
    journal = {Revista Brasileira de Otimização},
    year    = {2019}
}

@article{carvalho2022,
    author  = {Carvalho, M. R.},
    title   = {Métodos Heurísticos para o TSP-OBP},
    journal = {Journal of Combinatorial Optimization},
    year    = {2022}
}

@article{gomes2016,
    author  = {Gomes, R. and Silva, C.},
    title   = {Algoritmos para Problemas de Roteamento},
    journal = {Pesquisa Operacional},
    year    = {2016}
}

@article{gomes2018,
    author  = {Gomes, R.},
    title   = {Otimização Combinatória em Grafos},
    journal = {Revista de Matemática e Computação},
    year    = {2018}
}

@book{salvador,
    author    = {Salvador, P. and Oliveira, R.},
    title     = {Teoria dos Grafos e Aplicações},
    publisher = {Editora Universitária},
    year      = {2020}
}

@book{machado,
    author    = {Machado, A.},
    title     = {Problemas de Otimização em Grafos},
    publisher = {Atlas},
    year      = {2019}
}

@article{ramos,
    author  = {Ramos, J. and Santos, M.},
    title   = {Variantes do Problema do Caixeiro Viajante},
    journal = {Tendências em Matemática Aplicada},
    year    = {2021}
}

@book{carnielli,
    author    = {Carnielli, W. and Epstein, R.},
    title     = {Computabilidade e Funções Computáveis},
    publisher = {UNESP},
    year      = {2017}
} 